<record><leader>00000cas a22000007a 4500</leader><controlfield tag="001">20605365</controlfield><controlfield tag="008">891106d19181928idudn ne      0    0eng d</controlfield><datafield ind1=" " ind2=" " tag="010"><subfield code="a">sn 89055260 </subfield></datafield><datafield ind1=" " ind2=" " tag="040"><subfield code="a">NVB</subfield><subfield code="b">eng</subfield><subfield code="c">NVB</subfield><subfield code="d">DLC</subfield><subfield code="d">OCLCQ</subfield><subfield code="d">OCLCF</subfield><subfield code="d">OCLCO</subfield></datafield><datafield ind1=" " ind2=" " tag="042"><subfield code="a">msc</subfield></datafield><datafield ind1="0" ind2="4" tag="245"><subfield code="a">The Twin Falls daily times.</subfield></datafield><datafield ind1=" " ind2=" " tag="260"><subfield code="a">Twin Falls, Idaho :</subfield><subfield code="b">Times Printing &amp; Pub. Co.</subfield></datafield><datafield ind1=" " ind2=" " tag="300"><subfield code="a">v.</subfield></datafield><datafield ind1=" " ind2=" " tag="310"><subfield code="a">Daily (except Sun.),</subfield><subfield code="b">May 14, 1920-Sept. 15, 1928</subfield></datafield><datafield ind1=" " ind2=" " tag="321"><subfield code="a">Daily (except Sun.),</subfield><subfield code="b">Apr. 11, 1918-&lt;Aug. 17, 1918&gt;</subfield></datafield><datafield ind1=" " ind2=" " tag="321"><subfield code="a">Daily,</subfield><subfield code="b">&lt;Jan. 4, 1919&gt;-May 13, 1920</subfield></datafield><datafield ind1="0" ind2=" " tag="362"><subfield code="a">New vol. 1, no. 1 (Apr. 11, 1918)- ; -v. 11, no. 125 (Sept. 15, 1928).</subfield></datafield><datafield ind1=" " ind2=" " tag="500"><subfield code="a">Bulldog ed., June 2-Aug. 31, 1928.</subfield></datafield><datafield ind1=" " ind2="0" tag="651"><subfield code="a">Twin Falls (Idaho)</subfield><subfield code="v">Newspapers.</subfield></datafield><datafield ind1=" " ind2="7" tag="655"><subfield code="a">Newspapers.</subfield><subfield code="2">fast</subfield><subfield code="0">(OCoLC)fst01423814</subfield></datafield><datafield ind1=" " ind2="7" tag="651"><subfield code="a">Idaho</subfield><subfield code="z">Twin Falls.</subfield><subfield code="2">fast</subfield><subfield code="0">(OCoLC)fst01210138</subfield></datafield><datafield ind1=" " ind2=" " tag="752"><subfield code="a">United States</subfield><subfield code="b">Idaho</subfield><subfield code="c">Twin Falls</subfield><subfield code="d">Twin Falls.</subfield></datafield><datafield ind1="0" ind2="0" tag="780"><subfield code="t">Twice-a-week Twin Falls times</subfield><subfield code="w">(DLC)sn 89055261</subfield></datafield><datafield ind1="0" ind2="0" tag="785"><subfield code="t">Idaho evening times</subfield><subfield code="w">(DLC)sn 860991219</subfield></datafield></record>